<?xml version="1.0" encoding="UTF-8"?><record xmlns="http://www.loc.gov/MARC21/slim" xmlns:cinclude="http://apache.org/cocoon/include/1.0" xmlns:zs="http://www.loc.gov/zing/srw/">
  <leader>00403nz  a2200121n  4500</leader>
  <controlfield tag="001">n  84164892 </controlfield>
  <controlfield tag="003">DLC</controlfield>
  <controlfield tag="005">19841003132039.6</controlfield>
  <controlfield tag="008">840918n| acannaab|          |n aaa |||  </controlfield>
  <datafield tag="010" ind1=" " ind2=" ">
    <subfield code="a">n  84164892 </subfield>
  </datafield>
  <datafield tag="040" ind1=" " ind2=" ">
    <subfield code="a">DLC</subfield>
    <subfield code="c">DLC</subfield>
    <subfield code="d">DLC</subfield>
  </datafield>
  <datafield tag="100" ind1="1" ind2="0">
    <subfield code="a">Downing, Clinton R.</subfield>
  </datafield>
  <datafield tag="670" ind1=" " ind2=" ">
    <subfield code="a">The School principalship, c1983:</subfield>
    <subfield code="b">t.p. (Clinton R. Downing, assoc. prof., Dept. of Educ. Adm. and Superv., Sch. of Educ., East Carolina Univ.)</subfield>
  </datafield>
</record>